<?xml version="1.0" encoding="UTF-8"?><collection xmlns="http://www.loc.gov/MARC21/slim"><record><leader>00493nam--2200181-i-4500</leader><controlfield tag="001">000042067</controlfield><controlfield tag="002">20161230</controlfield><controlfield tag="005">20161230201043</controlfield><controlfield tag="008">060222s1000------------r-----000-0-fre-d</controlfield><datafield ind1=" " ind2=" " tag="040"><subfield code="a">IFIN-HH</subfield></datafield><datafield ind1=" " ind2=" " tag="041"><subfield code="a">fre</subfield></datafield><datafield ind1=" " ind2=" " tag="080"><subfield code="a">52(05)</subfield></datafield><datafield ind1="1" ind2=" " tag="110"><subfield code="a">Minietere De L'Instruction Publique</subfield></datafield><datafield ind1="1" ind2="0" tag="245"><subfield code="a">Societe astronomique de france. fondee le 28 janvier 1887</subfield></datafield><datafield ind1=" " ind2=" " tag="260"><subfield code="a">Paris</subfield><subfield code="b">Societe Astronomique De France</subfield><subfield code="c">1899</subfield></datafield><datafield ind1=" " ind2=" " tag="300"><subfield code="a">604 P</subfield></datafield><datafield ind1=" " ind2=" " tag="852"><subfield code="a">76471</subfield><subfield code="c">521/522</subfield></datafield><datafield ind1=" " ind2=" " tag="CAT"><subfield code="a">Sys</subfield><subfield code="c">20130827</subfield><subfield code="h">153644</subfield></datafield></record></collection>